<record><leader>00000cas a2200000 a 4500</leader><controlfield tag="001">26318261</controlfield><controlfield tag="008">920801c19639999oruwr n       0    0eng c</controlfield><datafield ind1=" " ind2=" " tag="010"><subfield code="a">sn 96088062 </subfield></datafield><datafield ind1=" " ind2=" " tag="040"><subfield code="a">SWO</subfield><subfield code="b">eng</subfield><subfield code="c">SWO</subfield><subfield code="d">OCL</subfield><subfield code="d">OCN</subfield><subfield code="d">OCLCQ</subfield><subfield code="d">OCLCF</subfield><subfield code="d">OCLCO</subfield></datafield><datafield ind1="1" ind2=" " tag="029"><subfield code="a">AU@</subfield><subfield code="b">000013495874</subfield></datafield><datafield ind1=" " ind2=" " tag="042"><subfield code="a">pcc</subfield></datafield><datafield ind1=" " ind2=" " tag="043"><subfield code="a">n-us-or</subfield></datafield><datafield ind1="0" ind2=" " tag="130"><subfield code="a">Courier (Reedsport, Or.)</subfield></datafield><datafield ind1="1" ind2="4" tag="245"><subfield code="a">The Courier.</subfield></datafield><datafield ind1=" " ind2=" " tag="260"><subfield code="a">Reedsport, Or. :</subfield><subfield code="b">E.A. Sykes and M.I. Sykes,</subfield><subfield code="c">1963-</subfield></datafield><datafield ind1=" " ind2=" " tag="300"><subfield code="a">v.</subfield></datafield><datafield ind1=" " ind2=" " tag="310"><subfield code="a">Weekly</subfield></datafield><datafield ind1="0" ind2=" " tag="362"><subfield code="a">Vol. 60, no. 9 (May 30, 1963)-</subfield></datafield><datafield ind1=" " ind2=" " tag="530"><subfield code="a">Also issued on microfilm from University of Oregon.</subfield></datafield><datafield ind1=" " ind2=" " tag="588"><subfield code="a">Latest issue consulted: Vol. 96, no. 30 (Sept. 11, 1997).</subfield></datafield><datafield ind1=" " ind2="0" tag="651"><subfield code="a">Reedsport (Or.)</subfield><subfield code="v">Newspapers.</subfield></datafield><datafield ind1=" " ind2="7" tag="655"><subfield code="a">Newspapers.</subfield><subfield code="2">fast</subfield><subfield code="0">(OCoLC)fst01423814</subfield></datafield><datafield ind1=" " ind2="7" tag="651"><subfield code="a">Oregon</subfield><subfield code="z">Reedsport.</subfield><subfield code="2">fast</subfield><subfield code="0">(OCoLC)fst01211690</subfield></datafield><datafield ind1=" " ind2=" " tag="752"><subfield code="a">United States</subfield><subfield code="b">Oregon</subfield><subfield code="c">Douglas</subfield><subfield code="d">Reedsport.</subfield></datafield><datafield ind1="0" ind2="0" tag="780"><subfield code="t">Port Umpqua courier</subfield><subfield code="w">(DLC)sn 96088061</subfield></datafield></record>